@inproceedings{LOLA,
	author    = {Ben D'Angelo and
	Sriram Sankaranarayanan and
	C{\'{e}}sar S{\'{a}}nchez and
	Will Robinson and
	Bernd Finkbeiner and
	Henny B. Sipma and
	Sandeep Mehrotra and
	Zohar Manna},
	title     = {{LOLA:} Runtime Monitoring of Synchronous Systems},
	booktitle = {International Symposium on Temporal Representation and Reasoning {(TIME})},
	pages     = {166--174},
	year      = {2005},
	publisher = {{IEEE}}
}

@inproceedings{QRE,
	author    = {Rajeev Alur and
	Dana Fisman and
	Mukund Raghothaman},
	title     = {Regular Programming for Quantitative Properties of Data Streams},
	booktitle = {European Symposium on Programming ({ESOP})},
	pages     = {15--40},
	year      = {2016},
	publisher = {Springer}
}

@article{TRE,
	author    = {Eugene Asarin and
	Paul Caspi and
	Oded Maler},
	title     = {Timed regular expressions},
	journal   = {J. {ACM}},
	volume    = {49},
	number    = {2},
	pages     = {172--206},
	year      = {2002}
}

@article{DurationCalculus,
	author    = {Zhou Chaochen and
	C. A. R. Hoare and
	Anders P. Ravn},
	title     = {A Calculus of Durations},
	journal   = {Inf. Process. Lett.},
	volume    = {40},
	number    = {5},
	pages     = {269--276},
	year      = {1991}
}

@inproceedings{OnDecidabilityMTL,
	author    = {Jo{\"{e}}l Ouaknine and
	James Worrell},
	title     = {On the Decidability of Metric Temporal Logic},
	booktitle = {Symposium on Logic in Computer Science {(LICS})},
	pages     = {188--197},
	year      = {2005},
	publisher = {{IEEE}}
}

% Everything about MTL, decidability and fragments
@inproceedings{RecentMTLResults,
	author    = {Jo{\"{e}}l Ouaknine and
	James Worrell},
	title     = {Some Recent Results in Metric Temporal Logic},
	booktitle = {International Conference on Formal Modeling and Analysis of Timed Systems ({FORMATS})},
	pages     = {1--13},
	year      = {2008},
	publisher = {Springer}
}

% Other temporal logics
@article{ReallyTemporalLogic,
	author    = {Rajeev Alur and
	Thomas A. Henzinger},
	title     = {A Really Temporal Logic},
	journal   = {J. {ACM}},
	volume    = {41},
	number    = {1},
	pages     = {181--204},
	year      = {1994}
}

@inproceedings{MTLUndecidableProof,
	author    = {Rajeev Alur and
	Thomas A. Henzinger},
	title     = {Real-time Logics: Complexity and Expressiveness},
	booktitle = {Proceedings of the Fifth Annual Symposium on Logic in Computer Science
	{(LICS})},
	pages     = {390--401},
	year      = {1990},
	publisher = {{IEEE}}
}

@inproceedings{salt,
	author    = {Andreas Bauer and
	Martin Leucker},
	title     = {The Theory and Practice of {SALT}},
	booktitle = {{NASA} Formal Methods ({NFM})},
	pages     = {13--40},
	year      = {2011},
	publisher = {Springer}
}

@inproceedings{MTLvsICMET,
	author    = {Jo{\"{e}}l Ouaknine and
	James Worrell},
	title     = {On Metric Temporal Logic and Faulty Turing Machines},
	booktitle = {Foundations of Software Science and Computation Structures ({FOSSACS})},
	pages     = {217--230},
	year      = {2006},
	publisher = {Springer}
}

